<?xml version="1.0" encoding="UTF-8"?><collection xmlns="http://www.loc.gov/MARC21/slim"><record><leader>00433nam--2200133-i-4500</leader><controlfield tag="001">000039252</controlfield><controlfield tag="002">20161230</controlfield><controlfield tag="005">20161230201042</controlfield><controlfield tag="008">060222s1000------------r-----000-0-eng-d</controlfield><datafield ind1=" " ind2=" " tag="080"><subfield code="a">512</subfield></datafield><datafield ind1=" " ind2=" " tag="100"><subfield code="a">Rivoire,Paul</subfield></datafield><datafield ind1=" " ind2=" " tag="245"><subfield code="a">Dernier theoreme de fermat et groupes de classes dans certains corps quadratiques imaginaires. propositions donees par la faculte</subfield></datafield><datafield ind1=" " ind2=" " tag="260"><subfield code="a">Clermont-ferrand, Faculte Des Sciences, 1968. 59 P</subfield></datafield><datafield ind1=" " ind2=" " tag="852"><subfield code="a">33548</subfield></datafield></record></collection>